<?xml version="1.0" encoding="UTF-8"?><record xmlns="http://www.loc.gov/MARC21/slim" xmlns:cinclude="http://apache.org/cocoon/include/1.0" xmlns:zs="http://www.loc.gov/zing/srw/">
  <leader>00437cz  a2200157n  4500</leader>
  <controlfield tag="001">n  85161970 </controlfield>
  <controlfield tag="003">DLC</controlfield>
  <controlfield tag="005">20160201003903.0</controlfield>
  <controlfield tag="008">860822n| azannaab           |a aaa      </controlfield>
  <datafield tag="010" ind1=" " ind2=" ">
    <subfield code="a">n  85161970 </subfield>
  </datafield>
  <datafield tag="040" ind1=" " ind2=" ">
    <subfield code="a">DLC</subfield>
    <subfield code="b">eng</subfield>
    <subfield code="e">rda</subfield>
    <subfield code="c">DLC</subfield>
    <subfield code="d">DLC</subfield>
  </datafield>
  <datafield tag="100" ind1="0" ind2=" ">
    <subfield code="a">Rajjaba.</subfield>
    <subfield code="t">Sarvāṅgī</subfield>
  </datafield>
  <datafield tag="400" ind1="0" ind2=" ">
    <subfield code="a">Rajjaba.</subfield>
    <subfield code="t">Sarabaṅgī</subfield>
  </datafield>
  <datafield tag="400" ind1="0" ind2=" ">
    <subfield code="a">Rajjaba.</subfield>
    <subfield code="t">Sarbangi of Rajjabdas</subfield>
  </datafield>
  <datafield tag="670" ind1=" " ind2=" ">
    <subfield code="a">His The Sarbangi of Rajjabdas, 1985.</subfield>
  </datafield>
  <datafield tag="670" ind1=" " ind2=" ">
    <subfield code="a">Sarabaṅgī, 1990.</subfield>
  </datafield>
</record>